<?xml version="1.0" encoding="UTF-8"?><record xmlns="http://www.loc.gov/MARC21/slim" xmlns:cinclude="http://apache.org/cocoon/include/1.0" xmlns:zs="http://www.loc.gov/zing/srw/">
  <leader>00396nz  a2200121n  4500</leader>
  <controlfield tag="001">n  86849492 </controlfield>
  <controlfield tag="003">DLC</controlfield>
  <controlfield tag="005">19860903072312.3</controlfield>
  <controlfield tag="008">860903n| acannaab|          |n aad |||  </controlfield>
  <datafield tag="010" ind1=" " ind2=" ">
    <subfield code="a">n  86849492 </subfield>
  </datafield>
  <datafield tag="040" ind1=" " ind2=" ">
    <subfield code="a">DLC</subfield>
    <subfield code="c">DLC</subfield>
  </datafield>
  <datafield tag="100" ind1="1" ind2="0">
    <subfield code="a">Overcamp, Thomas J.</subfield>
  </datafield>
  <datafield tag="670" ind1=" " ind2=" ">
    <subfield code="a">nuc86-80000: Elzerman, A.W. Solubilization rate of atmospheric ... 1982</subfield>
    <subfield code="b">(hdg. on AAP rept.: Overcamp, Thomas J.; usage: Thomas J. Overcamp)</subfield>
  </datafield>
</record>